<record><leader>00000cas a2200000 a 4500</leader><controlfield tag="001">20398430</controlfield><controlfield tag="008">890926c19899999maudr ne      0   a0eng c</controlfield><datafield ind1=" " ind2=" " tag="010"><subfield code="a">sn 90099901 </subfield></datafield><datafield ind1=" " ind2=" " tag="040"><subfield code="a">WPG</subfield><subfield code="b">eng</subfield><subfield code="c">WPG</subfield><subfield code="d">DLC</subfield><subfield code="d">NSD</subfield><subfield code="d">OCL</subfield><subfield code="d">MGN</subfield><subfield code="d">OCL</subfield><subfield code="d">CNW</subfield><subfield code="d">DLC</subfield><subfield code="d">OCLCQ</subfield><subfield code="d">CUS</subfield><subfield code="d">OCLCQ</subfield><subfield code="d">OCLCF</subfield><subfield code="d">OCLCO</subfield></datafield><datafield ind1=" " ind2=" " tag="012"><subfield code="m">1</subfield></datafield><datafield ind1=" " ind2=" " tag="019"><subfield code="a">20398544</subfield></datafield><datafield ind1="1" ind2=" " tag="022"><subfield code="a">1050-4184</subfield><subfield code="l">1050-4184</subfield><subfield code="2">1</subfield></datafield><datafield ind1="1" ind2=" " tag="029"><subfield code="a">AU@</subfield><subfield code="b">000020592584</subfield></datafield><datafield ind1="1" ind2=" " tag="029"><subfield code="a">NZ1</subfield><subfield code="b">16075766</subfield></datafield><datafield ind1=" " ind2=" " tag="032"><subfield code="a">005046</subfield><subfield code="b">USPS</subfield></datafield><datafield ind1=" " ind2=" " tag="037"><subfield code="b">Worcester Telegram &amp; Gazette, 20 Franklin St., Worcester, MA 01615-0012</subfield></datafield><datafield ind1=" " ind2=" " tag="042"><subfield code="a">pcc</subfield><subfield code="a">nsdp</subfield></datafield><datafield ind1=" " ind2=" " tag="043"><subfield code="a">n-us-ma</subfield></datafield><datafield ind1="0" ind2="0" tag="050"><subfield code="a">Newspaper</subfield></datafield><datafield ind1=" " ind2="0" tag="222"><subfield code="a">Telegram &amp; gazette</subfield></datafield><datafield ind1="0" ind2="0" tag="245"><subfield code="a">Telegram &amp; gazette.</subfield></datafield><datafield ind1="3" ind2="0" tag="246"><subfield code="a">Telegram and gazette</subfield></datafield><datafield ind1="1" ind2=" " tag="246"><subfield code="i">Sunday issues published with title:</subfield><subfield code="a">Sunday telegram</subfield></datafield><datafield ind1=" " ind2=" " tag="260"><subfield code="a">Worcester, Mass. :</subfield><subfield code="b">Worcester Telegram &amp; Gazette,</subfield><subfield code="c">1989-</subfield></datafield><datafield ind1=" " ind2=" " tag="300"><subfield code="a">v.</subfield></datafield><datafield ind1=" " ind2=" " tag="310"><subfield code="a">Daily</subfield></datafield><datafield ind1="0" ind2=" " tag="362"><subfield code="a">Vol. 1, no. 1 (Apr. 17, 1989)-</subfield></datafield><datafield ind1=" " ind2=" " tag="500"><subfield code="a">On Sundays published as: Sunday telegram.</subfield></datafield><datafield ind1=" " ind2=" " tag="500"><subfield code="a">Issued in morning and evening eds.</subfield></datafield><datafield ind1=" " ind2=" " tag="515"><subfield code="a">Daily and Sunday issues each have their own numbering.</subfield></datafield><datafield ind1=" " ind2="0" tag="651"><subfield code="a">Worcester (Mass.)</subfield><subfield code="v">Newspapers.</subfield></datafield><datafield ind1=" " ind2="7" tag="655"><subfield code="a">Newspapers.</subfield><subfield code="2">fast</subfield><subfield code="0">(OCoLC)fst01423814</subfield></datafield><datafield ind1=" " ind2="7" tag="651"><subfield code="a">Massachusetts</subfield><subfield code="z">Worcester.</subfield><subfield code="2">fast</subfield><subfield code="0">(OCoLC)fst01207904</subfield></datafield><datafield ind1=" " ind2=" " tag="752"><subfield code="a">United States</subfield><subfield code="b">Massachusetts</subfield><subfield code="c">Worcester</subfield><subfield code="d">Worcester.</subfield></datafield><datafield ind1="1" ind2=" " tag="776"><subfield code="t">Telegram &amp; Gazette (Worcester, Mass. : Online)</subfield><subfield code="w">(OCoLC)50219814</subfield></datafield><datafield ind1="0" ind2="4" tag="780"><subfield code="t">Worcester telegram</subfield><subfield code="w">(DLC)sn 83045596</subfield><subfield code="w">(OCoLC)9541888</subfield></datafield><datafield ind1="0" ind2="4" tag="780"><subfield code="t">Evening gazette (Worcester, Mass. : 1965)</subfield><subfield code="w">(DLC)sn 91058020</subfield><subfield code="w">(OCoLC)23347123</subfield></datafield><datafield ind1=" " ind2=" " tag="936"><subfield code="a">Vol. 12, no. 4 (Apr. 20, 2000) LIC</subfield></datafield></record>